
    @online{giraffeonline,
        title = {Giraffa camelopardalis reticulata 01},
        author = {H. Zell},
        year = {2009},
        url = {https://upload.wikimedia.org/wikipedia/commons/4/4d/Giraffa_camelopardalis_reticulata_01.JPG},
        urldate = {2022-04-07},
        note = {License: CC BY-SA 3.0}
    }
    @misc{tancik2020fourier,
        title={Fourier Features Let Networks Learn High Frequency Functions in Low Dimensional Domains}, 
        author={Matthew Tancik and Pratul P. Srinivasan and Ben Mildenhall and Sara Fridovich-Keil and Nithin Raghavan and Utkarsh Singhal and Ravi Ramamoorthi and Jonathan T. Barron and Ren Ng},
        year={2020}
    }
    @inproceedings{jahrens2020solving,
      title={Solving raven's progressive matrices with multi-layer relation networks},
      author={Jahrens, Marius and Martinetz, Thomas},
      booktitle= {2020 International Joint Conference on Neural Networks (IJCNN)},
      pages={1--6},
      year={2020},
      organization={IEEE}
    }
    @inproceedings{mildenhall2020nerf,
      title={Nerf: Representing scenes as neural radiance fields for view synthesis},
      author={Mildenhall, Ben and Srinivasan, Pratul P and Tancik, Matthew and Barron, Jonathan T and Ramamoorthi, Ravi and Ng, Ren},
      booktitle={European conference on computer vision},
      pages={405--421},
      year={2020},
      publisher={Springer}
    }
    @article{10.1093/teamat/13.2.83,
    author = {Crampin, Michael and Heal, Benedict},
    title = "{On the Chaotic Behaviour of the Tent Map}",
    journal = {Teaching Mathematics and its Applications: An International Journal of the IMA},
    volume = {13},
    number = {2},
    pages = {83-89},
    year = {1994},
    month = {01}
    }
    @inproceedings{devlin2019bert,
    author    = {Jacob Devlin and
                Ming{-}Wei Chang and
                Kenton Lee and
                Kristina Toutanova},
    title     = {{BERT:} Pre-training of Deep Bidirectional Transformers for Language
                Understanding},
    booktitle = {Proceedings of the 2019 Conference of the North American Chapter of
                the Association for Computational Linguistics: Human Language Technologies},
    pages     = {4171--4186},
    publisher = {Association for Computational Linguistics},
    year      = {2019},
    doi       = {10.18653/v1/n19-1423},
    timestamp = {Wed, 16 Mar 2022 23:55:36 +0100}
  }
  @inproceedings{vaswani2017transformer,
    author = {Vaswani, Ashish and Shazeer, Noam and Parmar, Niki and Uszkoreit, Jakob and Jones, Llion and Gomez, Aidan N and Kaiser, \L ukasz and Polosukhin, Illia},
    booktitle = {Advances in Neural Information Processing Systems},
    pages = {},
    publisher = {Curran Associates, Inc.},
    title = {Attention is All you Need},
    url = {https://proceedings.neurips.cc/paper/2017/file/3f5ee243547dee91fbd053c1c4a845aa-Paper.pdf},
    volume = {30},
    year = {2017}
  }
    @article{haftin2005gridcells,
      title={Microstructure of a spatial map in the entorhinal cortex},
    author    = {Hafting, T. and
                Fyhn, M. and
                Molden, S.},
      booktitle= {Nature},
      pages={801--806},
      year={2005}
    }
